<record><leader>00000cas a2200000 a 4500</leader><controlfield tag="001">36020167</controlfield><controlfield tag="008">961202d19131926oruwr ne      0    0eng c</controlfield><datafield ind1=" " ind2=" " tag="010"><subfield code="a">sn 96088455 </subfield></datafield><datafield ind1=" " ind2=" " tag="040"><subfield code="a">OCN</subfield><subfield code="b">eng</subfield><subfield code="c">OCN</subfield><subfield code="d">OCLCQ</subfield><subfield code="d">ORU</subfield><subfield code="d">OCLCQ</subfield><subfield code="d">OCLCF</subfield><subfield code="d">OCLCO</subfield></datafield><datafield ind1=" " ind2=" " tag="042"><subfield code="a">pcc</subfield></datafield><datafield ind1=" " ind2=" " tag="043"><subfield code="a">n-us-or</subfield></datafield><datafield ind1="0" ind2=" " tag="130"><subfield code="a">Semi-weekly democrat (Albany, Or.)</subfield></datafield><datafield ind1="1" ind2="4" tag="245"><subfield code="a">The Semi-weekly democrat.</subfield></datafield><datafield ind1="1" ind2="3" tag="246"><subfield code="a">Albany democrat</subfield></datafield><datafield ind1="3" ind2=" " tag="246"><subfield code="a">Semiweekly democrat</subfield></datafield><datafield ind1=" " ind2=" " tag="260"><subfield code="a">Albany, Linn County, Or. :</subfield><subfield code="b">Wm. H. Hornbrook,</subfield><subfield code="c">1913-1926.</subfield></datafield><datafield ind1=" " ind2=" " tag="300"><subfield code="a">21 v.</subfield></datafield><datafield ind1=" " ind2=" " tag="310"><subfield code="a">Weekly,</subfield><subfield code="b">Oct. 20, 1921-Apr. 29, 1926</subfield></datafield><datafield ind1=" " ind2=" " tag="321"><subfield code="a">Semiweekly,</subfield><subfield code="b">Feb. 4, 1913-Oct. 14, 1921</subfield></datafield><datafield ind1="0" ind2=" " tag="362"><subfield code="a">Vol. 48, no. 28 (Feb. 4, 1913)-v. 68, no. 89 (Apr. 29, 1926).</subfield></datafield><datafield ind1=" " ind2=" " tag="530"><subfield code="a">Also issued on microfilm from University of Oregon.</subfield></datafield><datafield ind1=" " ind2=" " tag="580"><subfield code="a">Daily eds.: Albany daily democrat, 1913-&lt;1922&gt;, and Albany democrat (Albany, Or. : 1922), &lt;1922&gt;-1925, and Albany evening herald and theAlbany democrat, 1925, and Albany democrat-herald (Albany, Or.), 1925.</subfield></datafield><datafield ind1=" " ind2="0" tag="651"><subfield code="a">Albany (Or.)</subfield><subfield code="v">Newspapers.</subfield></datafield><datafield ind1=" " ind2="7" tag="655"><subfield code="a">Newspapers.</subfield><subfield code="2">fast</subfield><subfield code="0">(OCoLC)fst01423814</subfield></datafield><datafield ind1=" " ind2="7" tag="651"><subfield code="a">Oregon</subfield><subfield code="z">Albany.</subfield><subfield code="2">fast</subfield><subfield code="0">(OCoLC)fst01209399</subfield></datafield><datafield ind1=" " ind2=" " tag="752"><subfield code="a">United States</subfield><subfield code="b">Oregon</subfield><subfield code="c">Linn</subfield><subfield code="d">Albany.</subfield></datafield><datafield ind1="1" ind2=" " tag="775"><subfield code="t">Albany daily democrat</subfield><subfield code="w">(DLC)sn 96088450</subfield><subfield code="w">(OCoLC)36010874</subfield></datafield><datafield ind1="1" ind2=" " tag="775"><subfield code="t">Albany democrat (Albany, Or. : 1922)</subfield><subfield code="w">(DLC)sn 96088451</subfield><subfield code="w">(OCoLC)36010870</subfield></datafield><datafield ind1="1" ind2=" " tag="775"><subfield code="t">Albany evening herald and Albany democrat</subfield><subfield code="w">(DLC)sn 96088447</subfield><subfield code="w">(OCoLC)36020182</subfield></datafield><datafield ind1="1" ind2=" " tag="775"><subfield code="t">Albany democrat-herald (Albany, Or.)</subfield><subfield code="w">(DLC)sn 96088460</subfield><subfield code="w">(OCoLC)23859817</subfield></datafield><datafield ind1="0" ind2="0" tag="780"><subfield code="t">Albany weekly democrat</subfield><subfield code="w">(DLC)sn 96088465</subfield><subfield code="w">(OCoLC)36010842</subfield></datafield><datafield ind1="0" ind2="0" tag="785"><subfield code="t">Weekly democrat (Albany, Or.)</subfield><subfield code="w">(DLC)sn 96088446</subfield><subfield code="w">(OCoLC)36010865</subfield></datafield></record>